@article{cn1,
  title   = {股票基本面分析在实战中的应用},
  author  = {张秀云 and 郭树},
  journal = {中国证券期货},
  volume  = {5},
  pages   = {28--29},
  year    = {2011}
}

@article{cn10,
  title   = {中国股票市场波动的非线性 GARCH 预测模型},
  author  = {魏巍贤 and 周晓明},
  journal = {预测},
  number  = {5},
  year    = {1999}
}

@article{cn11,
  title   = {深沪股票市场的多重分形分析},
  author  = {胡雪明 and 宋学锋},
  journal = {数量经济技术经济研究},
  volume  = {8},
  pages   = {124--127},
  year    = {2003}
}

@article{cn12,
  title   = {一种新的时间序列分析算法及其在股票预测中的应用},
  author  = {周广旭},
  journal = {计算机应用},
  number  = {9},
  year    = {2005}
}

@article{cn13,
  title   = {机器学习在股价预测中的研究综述},
  author  = {林升 and 綦科 and 魏楷聪 and 张伟},
  journal = {经济师},
  number  = {3},
  pages   = {29},
  year    = {2019}
}

@article{cn14,
  title   = {基于 Elman 神经网络的股票价格预测研究},
  author  = {林春燕 and 朱东华},
  journal = {计算机应用},
  volume  = {26},
  number  = {2},
  pages   = {476--0477}
}

@mastersthesis{cn15,
  title  = {基于贝叶斯推断的 HMM 股价预测研究},
  author = {余锴},
  year   = {2018},
  school = {上海交通大学}
}

@article{cn16,
  title   = {处理非线性分类和回归问题的一种新方法 (Ⅰ)——支持向量机方法简介},
  author  = {陈永义 and 俞小鼎 and 高学浩 and 冯汉中},
  journal = {应用气象学报},
  volume  = {15},
  number  = {3},
  pages   = {345--354},
  year    = {2004}
}

@article{cn17,
  title   = {基于最小二乘支持向量机的复杂金融时间序列预测},
  author  = {辛治运 and 顾明},
  journal = {清华大学学报 (自然科学版)},
  number  = {7},
  pages   = {20},
  year    = {2008}
}

@article{cn18,
  title     = {基于时间序列的支持向量机在股票预测中的应用},
  author    = {彭丽芳 and 孟志青 and 姜华 and 田密},
  journal   = {計算技術與自動化},
  volume    = {25},
  number    = {3},
  pages     = {88--91},
  year      = {2006},
  publisher = {湖南大學期刊社}
}

@article{cn19,
  title   = {支持向量机在股票价格预测中的应用},
  author  = {张玉川 and 张作泉},
  journal = {北京交通大学学报},
  volume  = {31},
  number  = {6},
  pages   = {73--76},
  year    = {2007}
}

@article{cn2,
  title   = {中国股票市场技术分析预测力的实证研究},
  author  = {戴洁 and 武康平},
  journal = {数量经济技术经济研究},
  volume  = {4},
  pages   = {99--102},
  year    = {2002}
}

@phdthesis{cn20,
  title  = {基于支持向量机的沪深 300 指数回归预测},
  author = {王芳},
  year   = {2015},
  school = {济南: 山东大学}
}

@phdthesis{cn3,
  title  = {用 ARMA 模型预测深沪股市},
  author = {李民 and 邹捷中 and 李俊平 and 梁建武},
  year   = {2000}
}

@article{cn4,
  title   = {马尔可夫链在股票价格预测中的应用},
  author  = {夏莉 and 黄正洪},
  journal = {商业研究},
  volume  = {10},
  number  = {270},
  pages   = {62},
  year    = {2003}
}

@article{cn5,
  title   = {宏观政策对我国股市影响的实证研究},
  author  = {许均华 and 李启亚},
  journal = {经济研究},
  number  = {9},
  year    = {2001}
}

@article{cn6,
  title   = {中国股票市场有效性实证检验},
  author  = {解保华 and 高荣兴 and 马征},
  journal = {数量经济技术经济研究},
  volume  = {5},
  pages   = {100--103},
  year    = {2002}
}

@article{cn7,
  title   = {股市预测的自回归方法},
  author  = {李志林 and 王志刚},
  journal = {统计与决策},
  volume  = {2},
  pages   = {19--20},
  year    = {2007}
}

@article{cn8,
  title   = {基于 MATLAB 的自回归移动平均模型 (ARMA) 在股票预测中的应用},
  author  = {翟志荣 and 白艳萍},
  journal = {山西大同大学学报 (自然科学版)},
  volume  = {26},
  number  = {6},
  pages   = {5--7},
  year    = {2010}
}

@article{cn9,
  title   = {中国股市的 ARCH 效应分析},
  author  = {唐齐鸣 and 陈健},
  journal = {世界经济},
  volume  = {3},
  pages   = {29--36},
  year    = {2001}
}

@article{en1,
  title     = {Support-vector networks},
  author    = {Cortes, Corinna and Vapnik, Vladimir},
  journal   = {Machine learning},
  volume    = {20},
  number    = {3},
  pages     = {273--297},
  year      = {1995},
  publisher = {Springer}
}

@article{en2,
  title     = {Predicting stock and stock price index movement using trend deterministic data preparation and machine learning techniques},
  author    = {Patel, Jigar and Shah, Sahil and Thakkar, Priyank and Kotecha, Ketan},
  journal   = {Expert systems with applications},
  volume    = {42},
  number    = {1},
  pages     = {259--268},
  year      = {2015},
  publisher = {Elsevier}
}

@inproceedings{en3,
  title        = {A Stock Market Trend Prediction System Using a Hybrid Decision Tree-Neuro-Fuzzy System},
  author       = {Nair, Binoy B and Dharini, N Mohana and Mohandas, VP},
  booktitle    = {Proceedings of the 2010 International Conference on Advances in Recent Technologies in Communication and Computing},
  pages        = {381--385},
  year         = {2010},
  organization = {IEEE Computer Society}
}

@article{en4,
  title     = {Applications of support vector machines to speech recognition},
  author    = {Ganapathiraju, Aravind and Hamaker, Jonathan E and Picone, Joseph},
  journal   = {IEEE transactions on signal processing},
  volume    = {52},
  number    = {8},
  pages     = {2348--2355},
  year      = {2004},
  publisher = {IEEE}
}

@article{en5,
  title     = {Toward intelligent training of supervised image classifications: directing training data acquisition for SVM classification},
  author    = {Foody, Giles M and Mathur, Ajay},
  journal   = {Remote Sensing of Environment},
  volume    = {93},
  number    = {1-2},
  pages     = {107--117},
  year      = {2004},
  publisher = {Elsevier}
}

@inproceedings{en6,
  title        = {Stock selection using support vector machines},
  author       = {Fan, Alan and Palaniswami, Marimuthu},
  booktitle    = {IJCNN'01. International Joint Conference on Neural Networks. Proceedings (Cat. No. 01CH37222)},
  volume       = {3},
  pages        = {1793--1798},
  year         = {2001},
  organization = {IEEE}
}

@inproceedings{en7,
  title        = {An SVM-based approach for stock market trend prediction},
  author       = {Lin, Yuling and Guo, Haixiang and Hu, Jinglu},
  booktitle    = {The 2013 international joint conference on neural networks (IJCNN)},
  pages        = {1--7},
  year         = {2013},
  organization = {IEEE}
}

@book{vapnik2013nature,
  title={The nature of statistical learning theory},
  author={Vapnik, Vladimir},
  year={2013},
  publisher={Springer science \& business media}
}

@article{bergstra2012random,
  title={Random search for hyper-parameter optimization},
  author={Bergstra, James and Bengio, Yoshua},
  journal={Journal of machine learning research},
  volume={13},
  number={Feb},
  pages={281--305},
  year={2012}
}

@inproceedings{bergstra2011algorithms,
  title={Algorithms for hyper-parameter optimization},
  author={Bergstra, James S and Bardenet, R{\'e}mi and Bengio, Yoshua and K{\'e}gl, Bal{\'a}zs},
  booktitle={Advances in neural information processing systems},
  pages={2546--2554},
  year={2011}
}