@article{aizerman1964theoretical,
    title   = {Theoretical foundations of the potential function method in pattern recognition learning},
    author  = {Aizerman, Mark A},
    journal = {Automation and remote control},
    volume  = {25},
    pages   = {821--837},
    year    = {1964}
}

@article{anderson1962classification,
    title     = {Classification into two multivariate normal distributions with different covariance matrices},
    author    = {Anderson, Theodore W and Bahadur, Raghu Raj and others},
    journal   = {The annals of mathematical statistics},
    volume    = {33},
    number    = {2},
    pages     = {420--431},
    year      = {1962},
    publisher = {Institute of Mathematical Statistics}
}

@inproceedings{boser1992training,
    title     = {A training algorithm for optimal margin classifiers},
    author    = {Boser, Bernhard E and Guyon, Isabelle M and Vapnik, Vladimir N},
    booktitle = {Proceedings of the fifth annual workshop on Computational learning theory},
    pages     = {144--152},
    year      = {1992}
}

@inproceedings{bottou1994comparison,
    title        = {Comparison of classifier methods: a case study in handwritten digit recognition},
    author       = {Bottou, L{\'e}on and Cortes, Corinna and Denker, John S and Drucker, Harris and Guyon, Isabelle and Jackel, Larry D and LeCun, Yann and Muller, Urs A and Sackinger, Edward and Simard, Patrice and others},
    booktitle    = {Proceedings of the 12th IAPR International Conference on Pattern Recognition, Vol. 3-Conference C: Signal Processing (Cat. No. 94CH3440-5)},
    volume       = {2},
    pages        = {77--82},
    year         = {1994},
    organization = {IEEE}
}

@article{bromley1991neural,
    title     = {Neural-network and k-nearest-neighbor classifiers},
    author    = {Bromley, J and Sackinger, E},
    journal   = {Rapport technique},
    pages     = {11359--910819},
    year      = {1991},
    publisher = {AT\&T Bell Laboratories}
}

@article{courant1953methods,
    title     = {Methods of mathematical physics},
    author    = {Courant, Richard and Hilbert, David},
    year      = {1953},
    publisher = {Wiley}
}

@article{fisher1936use,
    title     = {The use of multiple measurements in taxonomic problems},
    author    = {Fisher, Ronald A},
    journal   = {Annals of eugenics},
    volume    = {7},
    number    = {2},
    pages     = {179--188},
    year      = {1936},
    publisher = {Wiley Online Library}
}

@article{lecun1985procedure,
    title   = {Une procedure d'apprentissage ponr reseau a seuil asymetrique},
    author  = {LeCun, Yann},
    journal = {Proceedings of Cognitiva 85},
    pages   = {599--604},
    year    = {1985}
}

@inproceedings{lecun1990handwritten,
    title     = {Handwritten digit recognition with a back-propagation network},
    author    = {LeCun, Yann and Boser, Bernhard E and Denker, John S and Henderson, Donnie and Howard, Richard E and Hubbard, Wayne E and Jackel, Lawrence D},
    booktitle = {Advances in neural information processing systems},
    pages     = {396--404},
    year      = {1990}
}

@article{parker1985learning,
    title   = {Learning Logic Technical Report TR-47},
    author  = {Parker, David B},
    journal = {Center of Computational Research in Economics and Management Science, Massachusetts Institute of Technology, Cambridge, MA},
    year    = {1985}
}

@article{rosenblatt1962principles,
    title     = {Principles of neurodynamics: perceptions and the theory of brain mechanisms},
    author    = {Rosenblatt, Frank},
    year      = {1962},
    publisher = {Spartan}
}

@techreport{rumelhart1985learning,
    title       = {Learning internal representations by error propagation},
    author      = {Rumelhart, David E and Hinton, Geoffrey E and Williams, Ronald J},
    year        = {1985},
    institution = {California Univ San Diego La Jolla Inst for Cognitive Science}
}

@article{rumelhart1986learning,
    title     = {Learning representations by back-propagating errors},
    author    = {Rumelhart, David E and Hinton, Geoffrey E and Williams, Ronald J},
    journal   = {nature},
    volume    = {323},
    number    = {6088},
    pages     = {533--536},
    year      = {1986},
    publisher = {Nature Publishing Group}
}

@article{vapnik1982estimation,
    title     = {Estimation of Dependences Based on Empirical Data: Springer Series in Statistics (Springer Series in Statistics)},
    author    = {Vapnik, Vladimir},
    year      = {1982},
    publisher = {Springer-Verlag}
}